@misc{RProject,
  title = {The {R} Project for Statistical Computing},
  year = {2015},
  howpublished = {\url{http://www.r-project.org/}},
}

@misc{Maven, 
	author = {{Apache.org}},
	title = {{Maven}},
	howpublished = {\url{http://maven.apache.org}}
}

@misc{eiq-homepage,
	author = {Eclipse.org},
	title = {{EMF-IncQuery}},
	howpublished = {\url{http://eclipse.org/incquery/}}
}

@misc{viatra,
	author = {Eclipse.org},
	title = {{VIATRA Project}},
	howpublished = {\url{https://www.eclipse.org/viatra/}}
}

@misc{viatra-history,
	author = {Eclipse.org},
	title = {{VIATRA History}},
	howpublished = {\url{https://wiki.eclipse.org/VIATRA/History}}
}

@misc{xtend,
	author = {Eclipse.org}, 
	title = {{Xtend -- Modernized Java}},
	howpublished = {\url{https://www.eclipse.org/xtend/}}
}

@misc{jdt,
	author = {Eclipse.org},
	title = {{Java Development Tools (JDT)}},
	howpublished = {\url{https://eclipse.org/jdt/}}
}

@inproceedings{ttc-refactoring-case,
	author    = {G\'{e}za Kulcs\'{a}r and Sven Peldszus and Malte Lochau},
	title     = {{The Java Refactoring Case}},
	booktitle = {8th Transformation Tool Contest (TTC 2015)},
	year      = {2015}
}

@inproceedings {iqpl,
	title = {{A Graph Query Language for EMF models}},
	booktitle = {Theory and Practice of Model Transformations, Fourth Intl. Conf.},
	series = {LNCS},
	volume = {6707},
	year = {2011},
	publisher = {Springer},
	OPTorganization = {Springer},
	keywords = {IncQuery},
	author = {G{\'a}bor Bergmann and Zolt{\'a}n Ujhelyi and Istv{\'a}n R{\'a}th and D{\'a}niel Varr{\'o}},
	OPTeditor = {Jordi Cabot and Eelco Visser}
}
